@article{watson1953structure,
  title={A structure for deoxyribose nucleic acid},
  author={Watson, James D and Crick, Francis and others},
  year={1953},
  publisher={Macmillan}
}

@book{jaynes2000origin,
  title={The origin of consciousness in the breakdown of the bicameral mind},
  author={Jaynes, Julian},
  year={1976},
  publisher={Houghton Mifflin Harcourt}
}

@article{10.2307/2785588,
 ISSN = {00380431},
 URL = {http://www.jstor.org/stable/2785588},
 author = {J. L. Moreno and H. H. Jennings},
 journal = {Sociometry},
 number = {3/4},
 pages = {342--374},
 publisher = {[American Sociological Association, Sage Publications, Inc.]},
 title = {Statistics of Social Configurations},
 volume = {1},
 year = {1938}
}

