@misc{heideggo,
  author={Heidegger, M.},
  title={Martin {H}eidegger Interview with a Monk },
  howpublished={\url{www.youtube.com/watch?v=XcsBtl1SwuY}}
}